%%
%% WinShell 3.3.2.6
%% http://www.winshell.org/
%%

% Strings


% Preamble


% BibTeX Entries
@misc{FAO2021,
 address              = {Rome},
 author               = {FAO},
 journal              = {Journal inconnu},
 title                = {Looking at edible insects from a food safety perspective. Challenges and opportunities for the sector},
 url                  = {https://doi.org/10.4060/cb4094e},
 year                 = {2021},
 }

@misc{Insect4City2020,
 author               = {Insect4City},
 title                = {Benefits and risks of entomoconversion to recycle biowaste from urban and peri-urban environments},
 url                  = {https://c2vn.univ-amu.fr/entomoconversion-insect4city/?lang=en},
 year                 = {2020},
 }

@misc{Kialo2019,
 author               = {{Kialo debate platform}},
 howpublished         = {Online debate},
 journal              = {Journal inconnu},
 title                = {Should we replace meat with insect derived protein?},
 url                  = {https://www.kialo.com/should-we-replace-meat-with-insect-derived-protein-23982},
 year                 = {2019},
 }
